@book{junker,
  author = {Junker, Björn H. and Schreiber, Falk},
  title = {{Analysis of Biological Networks}},
  publisher = {{John Wiley \& Sons, Inc.}},
  year = 2008,
}

@book{guzzi,
  author = {Guzzi, Pietro Hiram and Roy, Swarup},
  title = {{Biological Network Analysis}},
  publisher = {{Elsevier Inc.}},
  year = 2020,
}

@incollection{uversky,
  author = {Uversky, Vladimir N.},
  title = {{Analyzing IDPs in Interactomes}},
  editor = {Kragelund, Birthe B. and Skriver, Karen},
  booktitle = {{Intrinsically Disordered Proteins}},
  publisher = {{Springer Science+Business Media, LLC}},
  year = 2020,
  pages = {895-945},
  chapter = 46,
}

@incollection{gao,
  author = {Gao, Ziyang and Lu, Senbao and Narykov, Oleksandr and Srinivasan, Suhas and Korkin, Dmitry},
  title = {{Structural Genomics and Interactomics of SARS-COV2: Decoding Basic Building Blocks of the Coronavirus}},
  editor = {Frishman, Dmitrij and Marz, Manja},
  booktitle = {{Virus Bioinformatics}},
  publisher = {{CRC Press}},
  year = 2021,
  pages = {121-139},
  chapter = 7,
}

@misc{grbic,
  author = {Grbić, Milana},
  title = {{Računarske metode particionisanja i grupisanja u biološkim mrežama}},
  year = 2020,
  note = {snimak: \url{http://bioinfo.matf.bg.ac.rs/home/video/MATF_BIRBI_20210421_Milana_Grbic.mp4}}
}
