@book{junker,
  author = {Junker, Björn H. and Schreiber, Falk},
  title = {{Analysis of Biological Networks}},
  publisher = {{John Wiley \& Sons, Inc.}},
  year = {2008},
}

@book{guzzi,
  author = {Guzzi, Pietro Hiram and Roy, Swarup},
  title = {{Biological Network Analysis}},
  publisher = {{Elsevier Inc.}},
  year = {2020},
}

@incollection{uversky,
  author = {Uversky, Vladimir N.},
  title = {{Analyzing IDPs in Interactomes}},
  editor = {Kragelund, Birthe B. and Skriver, Karen},
  booktitle = {{Intrinsically Disordered Proteins}},
  publisher = {{Springer Science+Business Media, LLC}},
  year = {2020},
  pages = {895-945},
  chapter = {46},
}

@incollection{gao,
  author = {Gao, Ziyang and Lu, Senbao and Narykov, Oleksandr and Srinivasan, Suhas and Korkin, Dmitry},
  title = {{Structural Genomics and Interactomics of SARS-COV2: Decoding Basic Building Blocks of the Coronavirus}},
  editor = {Frishman, Dmitrij and Marz, Manja},
  booktitle = {{Virus Bioinformatics}},
  publisher = {{CRC Press}},
  year = {2021},
  pages = {121-139},
  chapter = {7},
}

@article{teilum,
  author = {Teilum, Kaare and Olsen, Johan G. and Kragelund, Birthe B.},
  title = {{On the specificity of protein–protein interactions in the context of disorder}},
  journal = {Biochemical Journal},
  volume = {478},
  number = {11},
  pages = {2035-2050},
  year = {2021},
  month = {06}
}

@article{cumberworth,
  author = {Cumberworth, Alexander and Lamour, Guillaume and Babu, M. Madan and Gsponer, Jörg},
  title = {{Promiscuity as a functional trait: intrinsically disordered regions as central players of interactomes}},
  journal = {Biochemical Journal},
  volume = {454},
  number = {3},
  pages = {361-369},
  year = {2013},
  month = {08}
}

@article{haynes,
  author = {Haynes, Chad and Oldfield, Christopher J and Ji, Fei and Klitgord, Niels and Cusick, Michael E and Radivojac, Predrag and Uversky, Vladimir N and Vidal, Marc and Iakoucheva, Lilia M},
  journal = {PLOS Computational Biology},
  publisher = {Public Library of Science},
  title = {{Intrinsic Disorder Is a Common Feature of Hub Proteins from Four Eukaryotic Interactomes}},
  year = {2006},
  month = {08},
  volume = {2},
  pages = {1-12},
  number = {8}
}

@article{dosztanyi,
  author = {Dosztányi, Zsuzsanna and Chen, Jake and Dunker, A. Keith and Simon, István and Tompa, Peter},
  title = {{Disorder and Sequence Repeats in Hub Proteins and Their Implications for Network Evolution}},
  journal = {Journal of Proteome Research},
  volume = {5},
  number = {11},
  pages = {2985-2995},
  year = {2006}
}

@article{singh,
  author = {Singh, Gajinder Pal and Dash, Debasis},
  title = {{Intrinsic disorder in yeast transcriptional regulatory network}},
  journal = {Proteins: Structure, Function, and Bioinformatics},
  volume = {68},
  number = {3},
  pages = {602-605},
  year = {2007}
}

@article{patil,
  author = {Patil, Ashwini and Kinoshita, Kengo and Nakamura, Haruki},
  title = {{Domain distribution and intrinsic disorder in hubs in the human protein–protein interaction network}},
  journal = {Protein Science},
  volume = {19},
  number = {8},
  pages = {1461-1468},
  year = {2010}
}

@article{hu,
  author = {Hu, Gang and Wu, Zhonghua and Uversky, Vladimir N. and Kurgan, Lukasz},
  title = {{Functional Analysis of Human Hub Proteins and Their Interactors Involved in the Intrinsic Disorder-Enriched Interactions}},
  journal = {International Journal of Molecular Sciences},
  volume = {18},
  year = {2017},
  number = {12},
  pages = {2761}
}

@article{luck,
  author = {Luck, Katja and Kim, Dae-Kyum and Lambourne, Luke and Spirohn, Kerstin and Begg, Bridget and Bian, Wenting and Brignall, Ruth and Cafarelli, Tiziana and Campos-Laborie, Francisco and Charloteaux, Benoit and Choi, Dongsic and Cote, Atina and Daley, Meaghan and Deimling, Steven and Desbuleux, Alice and Dricot, Amelie and Gebbia, Marinella and Hardy, Madeleine and Kishore, Nishka and Calderwood, Michael},
  title = {{A reference map of the human binary protein interactome}},
  journal = {Nature},
  volume = {580},
  year = {2020},
  number = {7803},
  pages = {402-408}
}
